@article{1981:roeflux,
	Title = {Approximate Riemann solvers, parameter vectors, and difference schemes},
	Author = {Philip L. Roe},
	Journal = {Journal of Computational Physics},
	Volume = {43},
	Pages = {357-372},
	Year = {1981}}