@article{Rizzi2020,
    Title = {{Pressio: Enabling projection-based model reduction for large-scale nonlinear dynamical systems}},
    Author = {Rizzi, Francesco and Blonigan, Patrick J and Carlberg, Kevin T},
    Journal = {arXiv preprint arXiv:2003.07798},
    year = {2020}
}